@article{actual2020,
	author = {Павел М. Снопов},
	title = {Применение алгебраической топологии в задачах анализа данных},
	year = 2020,
	journal = {Сборник трудов Международной научной конференции <<Актуальные проблемы
	прикладной математики,
	информатики и механики>>},
	address = {Воронеж},
	pages = {1085--1093}
}
@article{stud2021,
	author = {Павел М. Снопов},
	title = {Сравнительный анализ пакетов для вычисления устойчивых гомологий},
	year = 2021,
	journal = {Межвузовская научная конференция
	молодых ученых и студентов  <<Математика,
	информационные технологии, приложения>>},
	address = {Воронеж},
	pages = {234--239}
}