@book{Viro,
	author	  = {Виро О.Я. and Иванов О.А. and Нецветаев Н.Ю. and Харламов В.М.},
	title	  = {Элементарная топология},
	year	  = {2018},
	publisher = {МЦНМО},
	address   = {Москва},
	pages = 358
}

@book{mathforml,
	author = { M. P. Deisenroth and A. A. Faisal and C. S. Ong. },
	title = {Mathematics for Machine Learning},
	year = 2020,
	publiser = {Cambridge University Press}
}

@book{Vick,
	author	  = {Вик Дж. У.},
	title	  = {Теория гомологий. Введение в алгебраическую топологию.},
	year	  = {2005},
	publisher = {МЦНМО},
	address   = {Москва},
	pages = 288
}

@book{Hatcher,
	author	  = {Хатчер А.},
	title	  = {Алгебраическая топология},
	year	  = {2011},
	publisher = {МЦНМО},
	address   = {Москва}
}

@book{Carlsson,
	author	  = {Carlsson, G.},
	title	  = {Topology and data},
	year	  = {2009},
	publisher = {AMS Bulletin}
}


@book{Munkres,
	author	  = {Munkres, James R.},
	title	  = {Topology},
	year	  = {2000}
}


@book{Sosinsky,
	author	  = {Сосинский А. Б.},
	title	  = {Введение в топологию: Лекционный курс},
	year	  = {2020},
	publisher = {МЦНМО},
	address   = {Москва}
}

@book{Edelsbrunner,
	author 	  = {H. Edelsbrunner  and J. Harer},
	title 	  = {Computational Topology An Introduction},
	year 	  = {2009},
	publisher = {AMS},
	address   =	{Providence}
}

@misc{charlier2019phomgem,
	title={PHom-GeM: Persistent Homology for Generative Models}, 
	author={Jeremy Charlier and Radu State and Jean Hilger},
	year={2019},
	eprint={1905.09894},
	archivePrefix={arXiv},
	primaryClass={cs.LG}
}

@InProceedings{topogan,
	author="Wang, Fan
	and Liu, Huidong
	and Samaras, Dimitris
	and Chen, Chao",
	editor="Vedaldi, Andrea
	and Bischof, Horst
	and Brox, Thomas
	and Frahm, Jan-Michael",
	title="TopoGAN: A Topology-Aware Generative Adversarial Network",
	booktitle="Computer Vision -- ECCV 2020",
	year="2020",
	publisher="Springer International Publishing",
	address="Cham",
	pages="118--136",
}


@misc{schiff2021characterizing,
	title={Characterizing the Latent Space of Molecular Deep Generative Models with Persistent Homology Metrics}, 
	author={Yair Schiff and Vijil Chenthamarakshan and Karthikeyan Natesan Ramamurthy and Payel Das},
	year={2021},
	eprint={2010.08548},
	archivePrefix={arXiv},
	primaryClass={q-bio.BM}
}

@article{DBLP:journals/corr/abs-1803-08304,
	author    = {Nieves Atienza and
	Rocio Gonzalez{-}Diaz and
	M. Soriano{-}Trigueros},
	title     = {On the stability of persistent entropy and new summary functions for
	{TDA}},
	journal   = {CoRR},
	volume    = {abs/1803.08304},
	year      = {2018},
	url       = {http://arxiv.org/abs/1803.08304},
	archivePrefix = {arXiv},
	eprint    = {1803.08304},
	timestamp = {Mon, 13 Aug 2018 16:46:32 +0200},
	biburl    = {https://dblp.org/rec/journals/corr/abs-1803-08304.bib},
	bibsource = {dblp computer science bibliography, https://dblp.org}
}

@misc{garin2019topological,
	title={A Topological "Reading" Lesson: Classification of MNIST using TDA}, 
	author={Adelie Garin and Guillaume Tauzin},
	year={2019},
	eprint={1910.08345},
	archivePrefix={arXiv},
	primaryClass={cs.LG}
}

@book{bishop,
	title = {Pattern Recognition and Machine Learning},
	author = {Bishop C.},
	year = 2006,
	publisher = {Springer-Verlag New York},
	pages = 738
}

@article{Zomorodian,
	author = {Zomorodian, A. and Carlsson, G.},
	title = "Computing Persistent Homology",
	journal = "Discrete Comput. Geom.",
	year = 2005,
	volume = 33,
	number = 2,
	pages = "249--274",
}

@article{EdelZomo,
	author = {Edelsbrunner H. and Letscher D. and Zomorodian A.},
	title = {Topological persistence and simplification},
	year = {2002},
	journal = {Discrete Comput. Geom.}
}

@article{alsobase,
	author = {N. Otter and M.A. Porter and U. Tillmann and P. Grindrod and H. A Harrington},
	title = {A roadmap for the computation of persistent homology},
	year = {2017},
	journal = {EPJ Data Sci.},
	volume = 6,
	number = 17
}

@misc{twist,
	author = {Chao Chen and Michael Kerber},
	title = {Persistent homology computation with a twist},
	booktitle = {Proceedings 27th European Workshop on Computational Geometry},
	year = {2011}
}

@article{multifield,
	author    = {Jean{-}Daniel Boissonnat and
	Clement Maria},
	title     = {Computing Persistent Homology with Various Coefficient Fields in a
	Single Pass},
	journal   = {CoRR},
	volume    = {abs/2001.02960},
	year      = {2020},
	url       = {http://arxiv.org/abs/2001.02960},
	archivePrefix = {arXiv},
	eprint    = {2001.02960},
	timestamp = {Mon, 13 Jan 2020 12:40:17 +0100},
	biburl    = {https://dblp.org/rec/journals/corr/abs-2001-02960.bib},
	bibsource = {dblp computer science bibliography, https://dblp.org}
}

@article{PIF,
	title={Topological Machine Learning with Persistence Indicator Functions},
	ISBN={9783030430368},
	ISSN={2197-666X},
	url={http://dx.doi.org/10.1007/978-3-030-43036-8_6},
	DOI={10.1007/978-3-030-43036-8_6},
	journal={Topological Methods in Data Analysis and Visualization V},
	publisher={Springer International Publishing},
	author={Rieck, Bastian and Sadlo, Filip and Leitte, Heike},
	year={2020},
	pages={87–101}
}


@misc{topae,
	title={Topological Autoencoders}, 
	author={Michael Moor and Max Horn and Bastian Rieck and Karsten Borgwardt},
	year={2021},
	eprint={1906.00722},
	archivePrefix={arXiv},
	primaryClass={cs.LG}
}

@article{JMLR:v16:bubenik15a,
	author  = {Peter Bubenik},
	title   = {Statistical Topological Data Analysis using Persistence Landscapes},
	journal = {Journal of Machine Learning Research},
	year    = {2015},
	volume  = {16},
	number  = {3},
	pages   = {77-102},
	url     = {http://jmlr.org/papers/v16/bubenik15a.html}
}

@article{prop_measures,
	doi = {10.1088/0266-5611/27/12/124007},
	url = {https://doi.org/10.1088/0266-5611/27/12/124007},
	year = 2011,
	month = {nov},
	publisher = {{IOP} Publishing},
	volume = {27},
	number = {12},
	pages = {124007},
	author = {Yuriy Mileyko and Sayan Mukherjee and John Harer},
	title = {Probability measures on the space of persistence diagrams},
	journal = {Inverse Problems},
	abstract = {This paper shows that the space of persistence diagrams has properties that allow for the definition of probability measures which support expectations, variances, percentiles and conditional probabilities. This provides a theoretical basis for a statistical treatment of persistence diagrams, for example computing sample averages and sample variances of persistence diagrams. We first prove that the space of persistence diagrams with the Wasserstein metric is complete and separable. We then prove a simple criterion for compactness in this space. These facts allow us to show the existence of the standard statistical objects needed to extend the theory of topological persistence to a much larger set of applications.}
}

@misc{heat_kernel,
	title={A Stable Multi-Scale Kernel for Topological Machine Learning}, 
	author={Jan Reininghaus and Stefan Huber and Ulrich Bauer and Roland Kwitt},
	year={2014},
	eprint={1412.6821},
	archivePrefix={arXiv},
	primaryClass={stat.ML}
}

@article{pers_land,
	title={A persistence landscapes toolbox for topological statistics},
	volume={78},
	ISSN={0747-7171},
	url={http://dx.doi.org/10.1016/j.jsc.2016.03.009},
	DOI={10.1016/j.jsc.2016.03.009},
	journal={Journal of Symbolic Computation},
	publisher={Elsevier BV},
	author={Bubenik, Peter and Dłotko, Paweł},
	year={2017},
	month={Jan},
	pages={91–114}
}


@misc{arxiv-recent-ml,
		url={https://arxiv.org/list/cs.LG/pastweek},
	title={Arxiv -- сервис по свободному распространению и открытому доступу научных статей в области физики, математики, компьютерных и других вычислительных наук}
}

@article{Manin,
	title={Nori diagrams and persistent homology}, 
	author={Yuri I. Manin and Matilde Marcolli},
	year={2019},
	eprint={1901.10301},
	archivePrefix={arXiv},
	primaryClass={math.AG}
}

@article{zigzag,
	author    = {Clement Maria and
	Steve Oudot},
	title     = {Computing Zigzag Persistent Cohomology},
	journal   = {CoRR},
	volume    = {abs/1608.06039},
	year      = {2016},
	url       = {http://arxiv.org/abs/1608.06039},
	archivePrefix = {arXiv},
	eprint    = {1608.06039},
	timestamp = {Mon, 13 Aug 2018 16:47:09 +0200},
	biburl    = {https://dblp.org/rec/journals/corr/MariaO16.bib},
	bibsource = {dblp computer science bibliography, https://dblp.org}
}

@misc{base,
	title={An introduction to Topological Data Analysis: fundamental and practical aspects for data scientists}, 
	author={Frederic Chazal and Bertrand Michel},
	year={2021},
	eprint={1710.04019},
	archivePrefix={arXiv},
	primaryClass={math.ST}
}

@misc{modules,
	title={The structure and stability of persistence modules}, 
	author={Frederic Chazal and Vin de Silva and Marc Glisse and Steve Oudot},
	year={2013},
	eprint={1207.3674},
	archivePrefix={arXiv},
	primaryClass={math.AT}
}

@article{Ripser,
	doi = {10.21105/joss.00925},
	url = {https://doi.org/10.21105/joss.00925},
	year  = {2018},
	month = {9},
	publisher = {The Open Journal},
	volume = {3},
	number = {29},
	pages = {925},
	author = {Christopher Tralie and Nathaniel Saul and Rann Bar-On},
	title = {{Ripser.py}: A Lean Persistent Homology Library for Python},
	journal = {The Journal of Open Source Software}
}

@software{dionysus,
	url={https://www.mrzv.org/software/dionysus/},
	title={Dionysus 2 -- библиотека для вычислений устойчивых гомологий, написанная на C++ и имеющая интерфейс на Python}
}

@misc{scikit,
	author       = {Nathaniel Saul and Chris Tralie},
	title        = {Scikit-TDA: Topological Data Analysis for Python},
	year         = 2019,
	doi          = {10.5281/zenodo.2533369},
	url          = {https://doi.org/10.5281/zenodo.2533369}
}

@software{Tadasets,
	url={https://github.com/scikit-tda/tadasets},
	title={Tadasets -- библиотека, содержащая синтетические датасеты для топологического анализа данных}
}

@software{colab,
	url={https://colab.research.google.com/},
	title={Google Colab -- Сервис Google, предоставляющий возможность запускать код, написанный на Python, в браузере, обладающий интерфейсом Jupyter Notebook, специально созданный для задач машинного обучения, анализа данных, а также образования}
}

@misc{giotto,
	title={giotto-tda: A Topological Data Analysis Toolkit for Machine Learning and Data Exploration},
	author={Guillaume Tauzin and Umberto Lupo and Lewis Tunstall and Julian Burella Pérez and Matteo Caorsi and Anibal Medina-Mardones and Alberto Dassatti and Kathryn Hess},
	year={2020},
	eprint={2004.02551},
	archivePrefix={arXiv},
	primaryClass={cs.LG}
}

@book{gudhi
	, title        = "{GUDHI} User and Reference Manual"
	, author      = "{The GUDHI Project}"
	, publisher     = "{GUDHI Editorial Board}"
	, edition =     "{3.4.1}"
	, year         = 2021
	, url =    "https://gudhi.inria.fr/doc/3.4.1/"
}